@article{van2009memento,
  title={Memento: Time travel for the web},
  author={Van de Sompel, Herbert and Nelson, Michael L and Sanderson, Robert and Balakireva, Lyudmila L and Ainsworth, Scott and Shankar, Harihar},
  journal={arXiv preprint arXiv:0911.1112},
  year={2009}
}

@inproceedings{toyoda2005system,
  title={A system for visualizing and analyzing the evolution of the web with a time series of graphs},
  author={Toyoda, Masashi and Kitsuregawa, Masaru},
  booktitle={Proceedings of the sixteenth ACM conference on Hypertext and hypermedia},
  pages={151--160},
  year={2005},
  organization={ACM}
}

@inproceedings{toyoda2003extracting,
  title={Extracting evolution of web communities from a series of web archives},
  author={Toyoda, Masashi and Kitsuregawa, Masaru},
  booktitle={Proceedings of the fourteenth ACM conference on Hypertext and hypermedia},
  pages={28--37},
  year={2003},
  organization={ACM}
}

@inproceedings{kelly2014archival,
  title={The archival acid test: evaluating archive performance on advanced HTML and JavaScript},
  author={Kelly, Mat and Nelson, Michael L and Weigle, Michele C},
  booktitle={Proceedings of the 14th ACM/IEEE-CS Joint Conference on Digital Libraries},
  pages={25--28},
  year={2014},
  organization={IEEE Press}
}
